%% This BibTeX bibliography file was created using BibDesk.
%% http://bibdesk.sourceforge.net/

%% Created for Trevor Bedford at 2022-11-22 14:10:50 -0800 


%% Saved with string encoding Unicode (UTF-8) 

@article{hadfield2018nextstrain,
	author = {Hadfield, James and Megill, Colin and Bell, Sidney M and Huddleston, John and Potter, Barney and Callender, Charlton and Sagulenko, Pavel and Bedford, Trevor and Neher, Richard A},
	date-added = {2022-11-22 14:10:43 -0800},
	date-modified = {2022-11-22 14:10:49 -0800},
	journal = {Bioinformatics},
	number = {23},
	pages = {4121--4123},
	title = {Nextstrain: real-time tracking of pathogen evolution},
	volume = {34},
	year = {2018}}

@article{khare2021gisaid,
	author = {Khare, Shruti and Gurry, C{\'e}line and Freitas, Lucas and Schultz, Mark B and Bach, Gunter and Diallo, Amadou and Akite, Nancy and Ho, Joses and Lee, Raphael TC and Yeo, Winston and others},
	date-added = {2023-11-30 14:24:46 +0100},
	date-modified = {2023-11-30 14:24:59 +0100},
	journal = {China CDC weekly},
	pages = {1049},
	title = {GISAID's role in pandemic response},
	volume = {3},
	year = {2021}}

